@article{Cole2007,
author = {Cole, J and Prairie, Y and Caraco, N and McDowell, W and Tranvik, L and Striegl, R and Duarte, C and Kortelainen, P and Downing, J and Middelburg, J and Melack, J},
doi = {10.1007/s10021-006-9013-8},
isbn = {1002100690},
issn = {1432-9840},
journal = {Ecosystems},
keywords = {global carbon,inland-waters,tems},
number = {1},
pages = {172--185},
title = {{Plumbing the Global Carbon Cycle: Integrating Inland Waters into the Terrestrial Carbon Budget}},
url = {http://dx.doi.org/10.1007/s10021-006-9013-8},
volume = {10},
year = {2007}
}
@article{Galy2015,
author = {Galy, V and Peucker-Ehrenbrink, B and Eglinton, T},
issn = {0028-0836},
journal = {Nature},
month = may,
number = {7551},
pages = {204--207},
publisher = {Nature Publishing Group, a division of Macmillan Publishers Limited. All Rights Reserved.},
title = {{Global carbon export from the terrestrial biosphere controlled by erosion}},
url = {http://dx.doi.org/10.1038/nature14400 10.1038/nature14400 http://www.nature.com/nature/journal/v521/n7551/abs/nature14400.html\#supplementary-information},
volume = {521},
year = {2015}
}
@misc{Karatza,
author = {Karatza, H and Hilzer, R},
title = {{Parallel Job Scheduling in Homogeneous Distributed System}},
year = {2004}
}
@misc{RCoreTeam2013,
author = {{R Core Team}},
publisher = {R Foundation for Statistical Computing},
title = {{R: A Language and Environment for Statistical Computing}},
year = {2013}
}
@article{Lloyd2013,
author = {Lloyd, KG and Schreiber, L and Petersen, DG and Kjeldsen, KU and Lever, MA and Steen, AD and Stepanauskas, R and Richter, M and Kleindienst, S and Lenk, S and Schramm, A and J\o[]rgensen, BB},
doi = {10.1038/nature12033},
isbn = {0028-0836},
issn = {1476-4687},
journal = {Nature},
keywords = {Adhesins, Bacterial,Adhesins, Bacterial: metabolism,Archaea,Archaea: classification,Archaea: enzymology,Archaea: genetics,Archaea: metabolism,Cysteine Endopeptidases,Cysteine Endopeptidases: metabolism,Geologic Sediments,Geologic Sediments: chemistry,Geologic Sediments: microbiology,Marine Biology,Molecular Sequence Data,Peptide Hydrolases,Peptide Hydrolases: metabolism,Phylogeny,Proteolysis,RNA, Ribosomal, 16S,RNA, Ribosomal, 16S: genetics,Single-Cell Analysis},
pages = {215--8},
pmid = {23535597},
title = {{Predominant archaea in marine sediments degrade detrital proteins.}},
url = {http://www.ncbi.nlm.nih.gov/pubmed/23535597},
volume = {496},
year = {2013}
}
@article{Steen2013,
annote = {10.3354/ame01625},
author = {Steen, AD and Arnosti, C},
doi = {10.3354/ame01625},
issn = {09483055},
journal = {Aquatic Microbial Ecology},
keywords = {Beta-glucosidase,Chitinase,Extracellular enzymes,Microbial loop,Proteinase},
number = {2},
pages = {93--99},
title = {{Extracellular peptidase and carbohydrate hydrolase activities in an Arctic fjord (Smeerenburgfjord, Svalbard}},
url = {http://www.int-res.com/abstracts/ame/v69/n2/p93-99/},
volume = {69},
year = {2013}
}
@article{Thao2014,
author = {Thao, NV. and Obayashi, Y and Yokokawa, T and Suzuki, S},
doi = {10.3389/fmars.2014.00069},
file = {::},
issn = {2296-7745},
journal = {Frontiers in Marine Science},
keywords = {Protease,Pseudomonas aeruginosa,Seawater,protein transformation,protist},
language = {English},
month = dec,
publisher = {Frontiers},
title = {{Coexisting protist-bacterial community accelerates protein transformation in microcosm experiments}},
url = {http://journal.frontiersin.org/Journal/10.3389/fmars.2014.00069/abstract},
volume = {1},
year = {2014}
}
@article{Sinsabaugh2009,
author = {Sinsabaugh, RL and Hill, BH and {Follstad Shah}, JJ},
doi = {10.1038/nature09548},
isbn = {0028-0836},
issn = {0028-0836},
journal = {Nature},
pages = {795--798},
pmid = {20010687},
title = {{Ecoenzymatic stoichiometry of microbial organic nutrient acquisition in soil and sediment.}},
volume = {462},
year = {2009}
}
@article{Arnosti2013,
author = {Arnosti, C and Bell, C and Moorhead, DL and Sinsabaugh, RL and Steen, AD and Stromberger, M and Wallenstein, M and Weintraub, MN},
doi = {10.1007/s10533-013-9906-5},
issn = {0168-2563},
journal = {Biogeochemistry},
month = sep,
number = {1},
pages = {5--21},
title = {{Extracellular enzymes in terrestrial, freshwater, and marine environments: perspectives on system variability and common research needs}},
url = {http://link.springer.com/10.1007/s10533-013-9906-5},
volume = {117},
year = {2013}
}
@article{Obayashi2009,
author = {Obayashi, Y and Isobe, T and Subramanian, A and Suzuki, S and Tanabe, S},
journal = {Environmental Research},
keywords = {bacteria,protein,proteolytic enzymes,seawater},
pages = {287--291},
title = {{Changes in Proteolytic Activities in Stored Seawater}},
year = {2009}
}
@article{Obayashi2008,
author = {Obayashi, Y and Suzuki, S},
doi = {10.1007/s10872-008-0029-x},
issn = {0916-8370},
journal = {Journal of Oceanography},
month = jun,
number = {3},
pages = {367--372},
title = {{Adsorption of extracellular proteases in seawater onto filters during size fractionation}},
url = {http://www.springerlink.com/index/10.1007/s10872-008-0029-x},
volume = {64},
year = {2008}
}
@article{Obayashi2008a,
author = {Obayashi, Y and Suzuki, S},
doi = {10.3354/ame01169},
issn = {0948-3055},
journal = {Aquatic Microbial Ecology},
keywords = {aminopeptidase,cell-associated fraction,dissolved fraction,endopeptidase,extracellular enzyme,microbial loop,of the publisher,organic matter degradation,permitted without written consent,resale or republication not},
month = mar,
pages = {231--237},
title = {{Occurrence of exo- and endopeptidases in dissolved and particulate fractions of coastal seawater}},
url = {http://www.int-res.com/abstracts/ame/v50/n3/p231-237/},
volume = {50},
year = {2008}
}
@article{Obayashi2005,
author = {Obayashi, Y and Suzuki, S},
doi = {10.4319/lo.2005.50.2.0722},
issn = {00243590},
journal = {Limnology and Oceanography},
number = {2},
pages = {722--726},
title = {{Proteolytic enzymes in coastal surface seawater: Significant activity of endopeptidases and exopeptidases}},
url = {http://www.aslo.org/lo/toc/vol\_50/issue\_2/0722.html},
volume = {50},
year = {2005}
}
@article{Arnosti2011,
author = {Arnosti, C},
doi = {10.1146/annurev-marine-120709-142731},
issn = {1941-1405},
journal = {Annual Review of Marine Science},
keywords = {bacteria,diagenesis,hydrolysis,remineralization,substrate},
month = jan,
number = {1},
pages = {401--425},
title = {{Microbial Extracellular Enzymes and the Marine Carbon Cycle}},
url = {http://www.annualreviews.org/doi/abs/10.1146/annurev-marine-120709-142731},
volume = {3},
year = {2011}
}
@article{German2011,
author = {German, DP and Weintraub, MN and Grandy, AS and Lauber, CL and Rinkes, ZL and Allison, SD},
doi = {10.1016/j.soilbio.2011.03.017},
issn = {00380717},
journal = {Soil Biology and Biochemistry},
month = jul,
number = {7},
pages = {1387--1397},
publisher = {Elsevier Ltd},
title = {{Optimization of hydrolytic and oxidative enzyme methods for ecosystem studies}},
url = {http://linkinghub.elsevier.com/retrieve/pii/S0038071711001301},
volume = {43},
year = {2011}
}